% references.bib
% 该部分格式自行查阅

@book{shi2002,
	author  = {石生明},
	title   = {近世代数初步},
	publisher = {高等教育出版社},
	year    = {2002},
	address = {北京},
	langid  = {chinese}
}

@book{zhang1978,
	author  = {张禾瑞},
	title   = {近世代数基础},
	publisher = {高等教育出版社},
	year    = {1978},
	address = {北京},
	langid  = {chinese}
}

@book{min2003,
	author  = {闵嗣鹤 and 严士健},
	title   = {初等数论},
	publisher = {高等教育出版社},
	year    = {2003},
	address = {北京},
	langid  = {chinese}
}

@article{montgomery1985,
	author  = {Montgomery, Peter L.},
	title   = {Modular multiplication without trial division},
	journal = {Mathematics of Computation},
	year    = {1985},
	volume  = {44},
	number  = {170},
	pages   = {519--521},
	langid  = {english}
}

@article{koc1998,
	author  = {Koç, Çetin K. and Acar, Tolga},
	title   = {Montgomery Multiplication in {$GF(2^k)$}},
	journal = {Designs, Codes and Cryptography},
	year    = {1998},
	volume  = {14},
	number  = {1},
	pages   = {57--69},
	langid  = {english}
}
